% Definition of Beta algorithm
@incollection{Nembrini2002,
    author = {Nembrini, Julien and Winfield, Alan and Melhuish, Chris},
    isbn = {9780262291170},
    title = "{Minimalist Coherent Swarming of Wireless Networked Autonomous Mobile Robots}",
    booktitle = "{From Animals to Animats 7: Proceedings of the Seventh International Conference on Simulation of Adaptive Behavior}",
    publisher = {The MIT Press},
    year = {2002},
    month = {08},
    doi = {10.7551/mitpress/3121.003.0064},
    url = {https://doi.org/10.7551/mitpress/3121.003.0064},
    eprint = {https://direct.mit.edu/book/chapter-pdf/2312078/9780262291170\_cck.pdf},
}

% Review article with defined swarm behaviours
@ARTICLE{Shranz2020,
    author = {Schranz, Melanie  and Umlauft, Martina  and Sende, Micha  and Elmenreich, Wilfried },
    title = {Swarm Robotic Behaviors and Current Applications},
    journal = {Frontiers in Robotics and AI},
    volume = {7},
    year = {2020},
    url = {https://www.frontiersin.org/journals/robotics-and-ai/articles/10.3389/frobt.2020.00036},
    doi = {10.3389/frobt.2020.00036},
    issn = {2296-9144},
}

% Definition of timed automata
@inproceedings{Alur1990,
    author = {Alur, Rajeev and Dill, David L.},
    title = {Automata For Modeling Real-Time Systems},
    year = {1990},
    isbn = {3540528261},
    publisher = {Springer-Verlag},
    address = {Berlin, Heidelberg},
    booktitle = {Proceedings of the 17th International Colloquium on Automata, Languages and Programming},
    pages = {322â€“335},
    numpages = {14},
    series = {ICALP '90}
}

% Logical quantifiers in UPPAAL
@Inbook{Bengtsson2004,
    author="Bengtsson, Johan
    and Yi, Wang",
    editor="Desel, J{\"o}rg
    and Reisig, Wolfgang
    and Rozenberg, Grzegorz",
    title="Timed Automata: Semantics, Algorithms and Tools",
    bookTitle="Lectures on Concurrency and Petri Nets: Advances in Petri Nets",
    year="2004",
    publisher="Springer Berlin Heidelberg",
    address="Berlin, Heidelberg",
    pages="87--124",
    isbn="978-3-540-27755-2",
    doi="10.1007/978-3-540-27755-2_3",
    url="https://doi.org/10.1007/978-3-540-27755-2_3"
}

% Verifying Beta algorithm
@inproceedings{Kouvaros2015,
  title={Verifying emergent properties of swarms},
  author={Kouvaros, Panagiotis and Lomuscio, Alessio},
  booktitle={Twenty-Fourth International Joint Conference on Artificial Intelligence},
  year={2015}
}