@article{UPPAAL_in_a_Nutshell,
  author = 	 {Kim G.\ Larsen and Paul Pettersson and Wang Yi},
  title = 	 {{{\sc Uppaal}\ in a Nutshell}},
  journal = 	 {Int.\ Journal on Software Tools for Technology Transfer},
  publisher =    {Springer--Verlag},
  volume =       1,
  number =       {1--2},
  pages =        {134-152},
  month =        Oct,
  year = 	 {1997}
}

@article{Minimalist_Coherent_Swarming_of_Wireless_Networked_Autonomous_Mobile_Robots,
author = {Nembrini, Julien and Winfield, Alan and Melhuish, Chris},
year = {2002},
month = {09},
pages = {},
title = {Minimalist Coherent Swarming of Wireless Networked Autonomous Mobile Robots}
}

@inproceedings{Using_Situated_Communication_in_Distributed_Autonomous_Mobile_Robotics,
author = {Stoy, Kasper},
year = {2001},
month = {01},
pages = {44-52},
title = {Using Situated Communication in Distributed Autonomous Mobile Robotics}
}

@inproceedings{Automata_For_Modeling_Real-Time_Systems,
author = {Alur, Rajeev and Dill, David L.},
title = {Automata For Modeling Real-Time Systems},
year = {1990},
isbn = {3540528261},
publisher = {Springer-Verlag},
address = {Berlin, Heidelberg},
booktitle = {Proceedings of the 17th International Colloquium on Automata, Languages and Programming},
pages = {322â€“335},
numpages = {14},
series = {ICALP '90}
}